<?xml version="1.0" encoding="UTF-8"?><collection xmlns="http://www.loc.gov/MARC21/slim"><record><leader>00434nam--2200121-i-4500</leader><controlfield tag="001">000025581</controlfield><controlfield tag="002">20161230</controlfield><controlfield tag="005">20161230201036</controlfield><controlfield tag="008">060222s1000------------r-----000-0-eng-d</controlfield><datafield ind1=" " ind2=" " tag="080"><subfield code="a">621.039.53(061.3)</subfield></datafield><datafield ind1=" " ind2=" " tag="245"><subfield code="a">3rd international conference on structural mechanics in reactor technology, london, united kingdom, 1-5 sept. 1975. vol. 1. reactor core. part c.d</subfield></datafield><datafield ind1=" " ind2=" " tag="260"><subfield code="a">Amsterdam, North-holland Publishing Company, 1975</subfield></datafield><datafield ind1=" " ind2=" " tag="852"><subfield code="a">47062</subfield></datafield></record></collection>